@ONLINE{hello,
    TITLE  = "Hello world",
    AUTHOR = "test"
}
